@article{random_oracle,
	author  = "Ran Canetti and Oded Goldreich and Shai Halevi",
	title   = "The Random Oracle Methodology, Revisited",
	journal = "Journal of the {ACM}",
	year    = 2008
}

@article{merkle_damgard_security1,
	author  = "Ralph Merkle",
	title   = "A Certified Digital Signature",
	journal = "{CRYPTO} '89 Proceedings on Advances in Cryptology",
	year    = 1989
}

@article{merkle_damgard_security2,
	author  = "Ivan Bjerre Damg\r{a}rd",
	title   = "A design principle for hash functions",
	journal = "{CRYPTO} '89 Proceedings on Advances in Cryptology",
	year    = 1989
}

@article{confusion_diffusion,
	author  = "Claude Shannon",
	title   = "Communication Theory of Secrecy Systems",
	journal = "Bell System Technical Journal",
	volume  = 28,
	number  = 4,
	pages   = "656-715",
	year    = 1949
}

@article{avalanche_criterion1,
	author  = "Phyu Phyu Mar, Khin Maung Latt",
	title   = "New Analysis Methods on Strict Avalanche Criterion of S-Boxes",
	journal = "World Academy of Science",
	volume  = 48,
	year    = 2008
}

@article{avalanche_criterion2,
	author  = "Isil Vergili and Melek D. Yücel",
	title   = "Avalanche and Bit Independence Properties for the Ensembles of Randomly Chosen $n \times n$ S-Boxes",
	journal = "Turk J Elec Engin",
	volume  = 9,
	year    = 2001
}

@article{avalanche_criterion3,
	author  = "Horst Feistel",
	title   = "Cryptography and Computer Privacy",
	journal = "Scientific American",
	volume  = 228,
	year    = 1973
}

@phdthesis{merkle_damgard_construction,
	author  = "Ralph Merkle",
	title   = "Secrecy, authentication, and public key systems",
	school  = "Stanford University",
	year    = 1979
}

@book{merkle_damgard_strengthening,
	author    = "Shafi Goldwasser, Mihir Bellare",
	title     = "Lecture Notes on Cryptography",
	note      = "Summer Course on Cryptography",
	publisher = "Massachusetts Institute of Technology",
	year      = 2008,
	pages     = "145-147"
}

@techreport{md5_definition,
	author      = "Ronald Linn Rivest",
	year        = 1992,
	institution = "{MIT} Laboratory for Computer Science, {RSA} Data Security, Inc.",
	title       = "The {MD5} Message-Digest Algorithm",
	note        = "{RFC} 1321",
}

@techreport{sha1_definition,
	author      = "Donald E. Eastlake 3rd, Paul E. Jones",
	year        = 2001,
	institution = "Motorola, Cisco Systems",
	title       = "{US} Secure Hash Algorithm~1 ({SHA1})",
	note        = "{RFC} 3174",
}

@book{one_way_functions,
	author    = "Oded Goldreich",
	title     = "Foundations of Cryptography: Volume 1",
	year      = 2006,
	publisher = "Cambridge University Press",
	pages     = "70"
}

@book{one_way_functions_existence,
	author    = "Thomas M. Cover and B. Gopinath",
	title     = "Open problems in communication and computation",
	year      = 1987,
	publisher = "Springer-Verlag"
}

@misc{john_the_ripper_modes,
	title        = "John the Ripper's cracking modes",
	author       = "Alexander Peslyak",
	howpublished = "\url{http://www.openwall.com/john/doc/MODES.shtml}",
	note         = "[z~dnia 28 września 2013]"
}

@misc{john_the_ripper_benchmarks,
	title        = "John the Ripper's benchmarks",
	key          = "John the Ripper's benchmarks",
	howpublished = "\url{http://openwall.info/wiki/john/benchmarks}",
	note         = "[z~dnia 29 września 2013]"
}

@misc{oclhashcat,
	title        = "hashcat -- advanced password recovery",
	key          = "hashcat -- advanced password recovery",
	howpublished = "\url{http://hashcat.net/oclhashcat-plus/}",
	note         = "[z~dnia 29 września 2013]"
}

@misc{botnet_rental,
	title        = "Study finds the average price for renting a~botnet",
	author       = "Dancho Danchev",
	howpublished = "\url{http://www.zdnet.com/blog/security/study-finds-the-average-price-for-renting-a-botnet/6528}",
	note         = "[z~dnia 29 września 2013]"
}

@misc{botnet_rental2,
	title        = "Anatomy of a~Botnet",
	author       = "Fortinet",
	howpublished = "\url{http://www.fortinet.com/sites/default/files/whitepapers/Anatomy-of-a-Botnet-WP.pdf}",
	note         = "[z~dnia 29 września 2013]"
}

@misc{cloud_criminals,
	title        = "Cloud computing crime poses unique forensics challenges",
	author       = "George Lawton",
	howpublished = "\url{http://searchcloudcomputing.techtarget.com/feature/Cloud-computing-crime-poses-unique-forensics-challenges}",
	note         = "[z~dnia 29 września 2013]"
}

@misc{gpu_cracking_benchmarks,
	title        = "{IGHASHGPU} benchmarks",
	author       = "Ivan Golubev",
	howpublished = "\url{http://www.golubev.com/hashgpu.htm}",
	note         = "[z~dnia 17 października 2013]"
}

@misc{gpu_cracking_parallel,
	title        = "New 25 {GPU} Monster Devours Passwords In Seconds",
	key          = "gpu-cracking-parallel",
	howpublished = "\url{https://securityledger.com/2012/12/new-25-gpu-monster-devours-passwords-in-seconds/}",
	note         = "[z~dnia 17 października 2013]"
}

@article{birthday,
	author  = "Earl H. McKinney",
	title   = "Generalized Birthday Problem",
	journal = "American Mathematical Monthly",
	pages   = "385-387",
	volume  = 73,
	year    = 1996
}

@article{birthday2,
	author  = "Mihir Bellare and Tadayoshi Kohno",
	title   = "Hash Function Balance and Its Impact on Birthday Attacks",
	journal = "{EUROCRYPT} 2004",
	year    = "2004",
	pages   = "401-418"
}

@techreport{birthday3,
	author      = "Jacques Patarin and Audrey Montreuil",
	title       = "Benes and Butterfly schemes revisited",
	institution = "Université de Versailles",
	year        = "2005"
}

@article{best_sha1_collision_attack,
	author    = {Manuel, St{\'e}phane},
	title     = {Classification and generation of disturbance vectors for collision attacks against {SHA-1}},
	journal   = {Des. Codes Cryptography},
	volume    = {59},
	number    = {1-3},
	year      = {2011},
	pages     = {247-263},
	publisher = {Kluwer Academic Publishers},
}

@article{best_md5_collision_attack,
	author  = {Tao Xie and Dengguo Feng},
	journal = {IACR Cryptology ePrint Archive},
	pages   = 223,
	title   = {How To Find Weak Input Differences For {MD5} Collision Attacks.},
	volume  = 2009,
	year    = 2009
}

@article{wang_collision_attack1,
	author = {Xiaoyun Wang  and Dengguo Feng and Xuejia Lai and Hongbo Yu},
	title = {Collisions for Hash Functions MD4, MD5, HAVAL-128 and RIPEMD},
	journal = {Cryptology ePrint Archive, Report 2004/199},
	year = {2004},
}

@incollection{wang_collision_attack2,
	year={2005},
	isbn={978-3-540-28114-6},
	booktitle={Advances in Cryptology – CRYPTO 2005},
	volume={3621},
	series={Lecture Notes in Computer Science},
	editor={Shoup, Victor},
	doi={10.1007/11535218_1},
	title={Efficient Collision Search Attacks on SHA-0},
	url={http://dx.doi.org/10.1007/11535218_1},
	publisher={Springer Berlin Heidelberg},
	keywords={Hash functions; Collision search attacks; SHA-0; SHA-1},
	author={Wang, Xiaoyun and Yu, Hongbo and Yin, YiqunLisa},
	pages={1-16}
}

@inproceedings{wang_collision_attack3,
	author = {Xiaoyun Wang and Yiqun Lisa Yin and Hongbo Yu},
	title = {Finding Collisions in the Full SHA-1},
	booktitle = {In Proceedings of Crypto},
	year = {2005},
	pages = {17-36},
	publisher = {Springer}
}

@article{sha1_disturbance_vector,
	year={2011},
	issn={0925-1022},
	journal={Designs, Codes and Cryptography},
	volume={59},
	number={1-3},
	doi={10.1007/s10623-010-9458-9},
	title={Classification and generation of disturbance vectors for collision attacks against SHA-1},
	url={http://dx.doi.org/10.1007/s10623-010-9458-9},
	publisher={Springer US},
	keywords={Hash functions; $${\tt{SHA}-1}$$; Collision attack; Disturbance vector; Local collisions independence; 94A60},
	author={Manuel, Stéphane},
	pages={247-263},
	language={English}
}

@incollection{md4_differential_paths,
	year={2006},
	isbn={978-3-540-36597-6},
	booktitle={Fast Software Encryption},
	volume={4047},
	series={Lecture Notes in Computer Science},
	editor={Robshaw, Matthew},
	doi={10.1007/11799313_16},
	title={Searching for Differential Paths in MD4},
	url={http://dx.doi.org/10.1007/11799313_16},
	publisher={Springer Berlin Heidelberg},
	keywords={collision search; differential path; MD4},
	author={Schläffer, Martin and Oswald, Elisabeth},
	pages={242-261}
}


@misc{ps3_attack,
	author       = "Alexander Sotirov and Marc Stevens and Jacob Appelbaum and Arjen Lenstra and David Molnar and Dag Arne Osvik and Benne de Weger",
	title        = "{MD5} considered harmful today -- creating a~rogue {CA} certificate",
	howpublished = "\url{http://www.win.tue.nl/hashclash/rogue-ca/}",
	note         = "[z~dnia 31 października 2013]",
}

@techreport{flame_attack,
	author      = "Marc Stevens",
	title       = "{CWI} Cryptanalist Discovers New Cryptographic Attack Variant in Flame Spy Malware",
	institution = "Centrum Wiskunde \& Informatica",
	year        = 2012,
}

@incollection{best_md5_preimage_attack,
	year      = {2009},
	booktitle = {Advances in Cryptology -- EUROCRYPT 2009},
	volume    = {5479},
	series    = {Lecture Notes in Computer Science},
	editor    = {Joux, Antoine},
	title     = {Finding Preimages in Full MD5 Faster Than Exhaustive Search},
	publisher = {Springer Berlin Heidelberg},
	author    = {Sasaki, Yu and Aoki, Kazumaro},
	pages     = {134-152}
}

@misc{md5_length_extension_attack,
	year         = 2012,
	title        = "Everything you need to know about hash length extension attacks",
	author       = "Ron Bowes",
	howpublished = "\url{http://blog.skullsecurity.org/2012/everything-you-need-to-know-about-hash-length-extension-attacks}",
	note         = "[z~dnia 4 listopada 2013]",
}

@misc{md5_length_extension_attack_implementation,
	year         = 2012,
	title        = "hash\_extender -- source code on Github",
	author       = "Ron Bowes",
	howpublished = "\url{https://github.com/iagox86/hash_extender}",
	note         = "[z~dnia 4 listopada 2013]",
}

@article{md5_multi_collision_attack,
	author  = "Antoine Joux",
	journal = "Lecture Notes in Computer Science",
	volume  = 3152,
	year    = 2004,
	title   = "Multicollisions in Iterated Hash Functions. Application to Cascaded Constructions.",
	pages   = "306-316",
}

@misc{md5_concatenation,
	title = "On the Strength of the Concatenated Hash Combiner when all the Hash Functions are Weak",
	author = "Jonathan J. Hoch and Adi Shamir",
	year = 2008,
	howpublished = {Cryptology ePrint Archive, Report 2008/075},
	note = {\url{http://eprint.iacr.org/}},
},

@misc{untested_cryptography,
	year = 2008,
	title = "Debian Security Advisory -- {DSA}-1571-1 {OpenSSL} -- predictable random number generator",
	howpublished = "\url{http://www.debian.org/security/2008/dsa-1571}",
	note = "[z~dnia 12 listopada 2013]"
}

@misc{ddos_hashes,
	year = 2011,
	title = "Multiple implementations denial-of-service via hash algorithm collision",
	howpublished = "\url{http://www.ocert.org/advisories/ocert-2011-003.html}",
	note = "[z~dnia 16 listopada 2013]"
}

@phdthesis{gregg2003factoring,
	title={On Factoring Integers and Evaluating Discrete Logarithms},
	author={Gregg, John Aaron},
	year={2003},
	publisher="Harvard University",
}

@book{bach1984discrete,
	title={Discrete logarithms and factoring},
	author={Bach, Eric},
	year=1984,
	publisher = "Berkeley: Computer Science Division, University of California",
}
