@article{random_oracle,
	author  = "Ran Canetti and Oded Goldreich and Shai Halevi",
	title   = "The Random Oracle Methodology, Revisited",
	journal = "Journal of the ACM",
	year    = 2008
}

@article{merkle_damgard_security1,
	author  = "Ralph Merkle",
	title   = "A Certified Digital Signature",
	journal = "CRYPTO '89 Proceedings on Advances in Cryptology",
	year    = 1989
}

@article{merkle_damgard_security2,
	author  = "Ivan Bjerre Damg\r{a}rd",
	title   = "A design principle for hash functions",
	journal = "CRYPTO '89 Proceedings on Advances in Cryptology",
	year    = 1989
}

@article{confusion_diffusion,
	author  = "Claude Shannon",
	title   = "Communication Theory of Secrecy Systems",
	journal = "Bell System Technical Journal",
	volume  = 28,
	number  = 4,
	pages   = "656--715",
	year    = 1949
}

@article{avalanche_criterion1,
	author  = "Phyu Phyu Mar, Khin Maung Latt",
	title   = "New Analysis Methods on Strict Avalanche Criterion of S-Boxes",
	journal = "World Academy of Science",
	volume  = 48,
	year    = 2008
}

@article{avalanche_criterion2,
	author  = "Isil Vergili and Melek D. Yücel",
	title   = "Avalanche and Bit Independence Properties for the Ensembles of Randomly Chosen $n \times n$ S-Boxes",
	journal = "Turk J Elec Engin",
	volume  = 9,
	year    = 2001
}

@article{avalanche_criterion3,
	author  = "Horst Feistel",
	title   = "Cryptography and Computer Privacy",
	journal = "Scientific American",
	volume  = 228,
	year    = 1973
}

@phdthesis{merkle_damgard_construction,
	author  = "Ralph Merkle",
	title   = "Secrecy, authentication, and public key systems",
	school  = "Stanford University",
	year    = 1979
}

@book{merkle_damgard_strengthening,
	author    = "Shafi Goldwasser, Mihir Bellare",
	title     = "Lecture Notes on Cryptography",
	note      = "Summer Course on Cryptography",
	publisher = "Massachusetts Institute of Technology",
	year      = 2008,
	pages     = "145--147"
}

@techreport{md5_definition,
	author      = "Ronald Linn Rivest",
	year        = 1992,
	institution = "MIT Laboratory for Computer Science, RSA Data Security, Inc.",
	title       = "The MD5 Message-Digest Algorithm",
	note        = "RFC 1321",
}

@techreport{sha1_definition,
	author      = "Donald E. Eastlake 3rd, Paul E. Jones",
	year        = 2001,
	institution = "Motorola, Cisco Systems",
	title       = "US Secure Hash Algorithm 1 (SHA1)",
	note        = "RFC 3174",
}

@book{one_way_functions,
	author    = "Oded Goldreich",
	title     = "Foundations of Cryptography: Volume 1",
	year      = 2006,
	publisher = "Cambridge University Press",
	pages     = "70"
}

@book{one_way_functions_existence,
	author    = "Thomas M. Cover and B. Gopinath",
	title     = "Open problems in communication and computation",
	year      = 1987,
	publisher = "Springer-Verlag"
}

@misc{john_the_ripper_modes,
	title        = "John the Ripper's cracking modes",
	author       = "Alexander Peslyak",
	howpublished = "\url{http://www.openwall.com/john/doc/MODES.shtml}",
	note         = "[z dnia 28 września 2013]"
}

@misc{john_the_ripper_benchmarks,
	title        = "John the Ripper's benchmarks",
	key          = "John the Ripper's benchmarks",
	howpublished = "\url{http://openwall.info/wiki/john/benchmarks}",
	note         = "[z dnia 29 września 2013]"
}

@misc{oclhashcat,
	title        = "hashcat -- advanced password recovery",
	key          = "hashcat -- advanced password recovery",
	howpublished = "\url{http://hashcat.net/oclhashcat-plus/}",
	note         = "[z dnia 29 września 2013]"
}

@misc{botnet_rental,
	title        = "Study finds the average price for renting a botnet",
	author       = "Dancho Danchev",
	howpublished = "\url{http://www.zdnet.com/blog/security/study-finds-the-average-price-for-renting-a-botnet/6528}",
	note         = "[z dnia 29 września 2013]"
}

@misc{botnet_rental2,
	title        = "Anatomy of a Botnet",
	author       = "Fortinet",
	howpublished = "\url{http://www.fortinet.com/sites/default/files/whitepapers/Anatomy-of-a-Botnet-WP.pdf}",
	note         = "[z dnia 29 września 2013]"
}

@misc{cloud_criminals,
	title        = "Cloud computing crime poses unique forensics challenges",
	author       = "George Lawton",
	howpublished = "\url{http://searchcloudcomputing.techtarget.com/feature/Cloud-computing-crime-poses-unique-forensics-challenges}",
	note         = "[z dnia 29 września 2013]"
}

@misc{gpu_cracking_benchmarks,
	title        = "IGHASHGPU benchmarks",
	author       = "Ivan Golubev",
	howpublished = "\url{http://www.golubev.com/hashgpu.htm}",
	note         = "[z dnia 17 października 2013]"
}

@misc{gpu_cracking_parallel,
	title        = "New 25 GPU Monster Devours Passwords In Seconds",
	key          = "gpu-cracking-parallel",
	howpublished = "\url{https://securityledger.com/2012/12/new-25-gpu-monster-devours-passwords-in-seconds/}",
	note         = "[z dnia 17 października 2013]"
}
