@incollection{wang2005md5,
	title={How to break {MD5} and other hash functions},
	author={Wang, Xiaoyun and Yu, Hongbo},
	booktitle={Advances in Cryptology--{EUROCRYPT} 2005},
	pages={19--35},
	year={2005},
	publisher={Springer},
}

@incollection{wang2005md4,
	title={Cryptanalysis of the Hash Functions {MD4} and RIPEMD},
	author={Wang, Xiaoyun and Lai, Xuejia and Feng, Dengguo and Chen, Hui and Yu, Xiuyuan},
	booktitle={Advances in Cryptology--{EUROCRYPT} 2005},
	pages={1--18},
	year={2005},
	publisher={Springer},
}

@article{klima2006tunnels,
	title={Tunnels in Hash Functions: {MD5} Collisions Within a Minute.},
	author={Klima, Vlastimil},
	year={2006},
}

@inproceedings{wang2004finding,
	title={Finding collisions in the full {SHA-1}},
	author={Wang, Xiaoyun and Yin, Yiqun Lisa and Yu, Hongbo},
	booktitle={Advances in Cryptology--CRYPTO 2004},
	pages={17--36},
	year={2004},
	organization={Springer},
}

@article{hawkes2004musings,
	title={Musings on the Wang et al. {MD5} Collision.},
	author={Hawkes, Philip and Paddon, Michael and Rose, Gregory G},
	year={2004},
}

@article{klima2005finding1,
	title={Finding {MD5} Collisions-a Toy For a Notebook.},
	author={Klima, Vlastimil},
	year={2005},
}

@article{yajima2005wang,
	title={Wang's sufficient conditions of {MD5} are not sufficient.},
	author={Yajima, Jun and Shimoyama, Takeshi},
	publisher={Citeseer},
	year={2005},
}

@article{sasaki2005improved,
	title={Improved Collision Attack on {MD5}.},
	author={Sasaki, Yu and Naito, Yusuke and Kunihiro, Noboru and Ohta, Kazuo},
	year={2005},
}

@article{liang2007improved,
	title={Improved collision attack on hash function {MD5}},
	author={Liang, Jie and Lai, Xue-Jia},
	journal={Journal of Computer Science and Technology},
	volume={22},
	number={1},
	pages={79--87},
	year={2007},
	publisher={Springer},
}

@article{klima2005finding2,
	title={Finding {MD5} Collisions on a Notebook PC Using Multi-message Modifications},
	author={Klima, Vlastimil},
	year={2005},
	publisher={Citeseer},
}

@misc{stach2005md4,
	year={2005},
	author={Patrick Stach},
	title={{MD4} Collision Generator},
	howpublished="\url{http://www.stachliu.com.nyud.net:8090/md4coll.c}",
}

@misc{stach2005md5,
	year={2005},
	author={Patrick Stach},
	title={{MD5} Collision Generator},
	howpublished="\url{http://www.stachliu.com.nyud.net:8090/md5coll.c}",
}

@article{naito2005improved,
	title={Improved Collision Attack on MD4},
	author={Naito, Yusuke and Sasaki, Yu and Kunihiro, Noboru and Ohta, Kazuo},
	year={2005},
	publisher={Citeseer}
}
